% This file was created with JabRef 2.6.

@INBOOK{Laumond98,
  chapter = {4},
  title = {Robot Motion Planning and Control},
  publisher = {Springer},
  year = {1998},
  editor = {Jean-Paul Laumond},
  author = {A. Bensoussan, M.J. Grimble, P. Kokotovic, H. Kwakernaak, J.L. Massey,
	Y.Z. Tsypkin},
  owner = {Jorge},
  timestamp = {2011.04.26}
}

@BOOK{Greenia,
  title = {History of Computing: An Encyclopedia of the People and Machines
	that Made Computer History},
  publisher = {Lexikon Services Publishing},
  year = {2001},
  editor = {Mark W. Greenia},
  author = {Mark W. Greenia},
  month = {March},
  owner = {Owner},
  timestamp = {2011.05.12}
}

@BOOK{PRMTAI,
  title = {Principles of Robot Motion

	Theory, Algorithms, and Implementation},
  publisher = {The MIT Press},
  year = {2005},
  author = {Howie Choset, Kevin Lynch, Seth Hutchinson, George Kantor, Wolfram
	Burgard, Lydia Kavraki, Sebastian Thrun},
  owner = {Jorge},
  timestamp = {2011.04.26}
}

@comment{jabref-meta: selector_publisher:}

@comment{jabref-meta: selector_author:}

@comment{jabref-meta: selector_journal:}

@comment{jabref-meta: selector_keywords:}
